<record><leader>00000cas a22000007a 4500</leader><controlfield tag="001">9876087</controlfield><controlfield tag="008">830902d18821883ksuwr ne      0    0eng d</controlfield><controlfield tag="009">3789</controlfield><datafield ind1=" " ind2=" " tag="010"><subfield code="a">sn 83040734 </subfield></datafield><datafield ind1=" " ind2=" " tag="040"><subfield code="a">KSH</subfield><subfield code="b">eng</subfield><subfield code="c">KSH</subfield><subfield code="d">NPT</subfield></datafield><datafield ind1="1" ind2=" " tag="029"><subfield code="a">AU@</subfield><subfield code="b">000025802815</subfield></datafield><datafield ind1=" " ind2=" " tag="042"><subfield code="a">msc</subfield></datafield><datafield ind1=" " ind2=" " tag="043"><subfield code="a">n-us-ks</subfield></datafield><datafield ind1="0" ind2="0" tag="245"><subfield code="a">Chautauqua Springs spy.</subfield></datafield><datafield ind1=" " ind2=" " tag="260"><subfield code="a">Chautauqua Springs [Chautauqua], Kan. :</subfield><subfield code="b">Moore &amp; McPherson,</subfield><subfield code="c">1882-1883.</subfield></datafield><datafield ind1=" " ind2=" " tag="300"><subfield code="a">1 v. :</subfield><subfield code="b">ill. ;</subfield><subfield code="c">59 cm.</subfield></datafield><datafield ind1=" " ind2=" " tag="310"><subfield code="a">Weekly</subfield></datafield><datafield ind1="0" ind2=" " tag="362"><subfield code="a">Vol. 1, no. 1 (May 19, 1882)-v. 2, no. 11 (July 27, 1883).</subfield></datafield><datafield ind1=" " ind2=" " tag="500"><subfield code="a">"Independent."</subfield></datafield><datafield ind1=" " ind2=" " tag="500"><subfield code="a">Published on Friday.</subfield></datafield><datafield ind1=" " ind2=" " tag="530"><subfield code="a">Available on microfilm from Micro Photo.</subfield></datafield><datafield ind1=" " ind2=" " tag="500"><subfield code="a">Editors: C.E. Moore; L.G.B. McPherson.</subfield></datafield><datafield ind1="1" ind2=" " tag="700"><subfield code="a">Moore, C. E.</subfield></datafield><datafield ind1="1" ind2=" " tag="700"><subfield code="a">McPherson, L. G. B.</subfield></datafield><datafield ind1=" " ind2=" " tag="752"><subfield code="a">United States</subfield><subfield code="b">Kansas</subfield><subfield code="c">Chautauqua</subfield><subfield code="d">Chautauqua.</subfield></datafield><datafield ind1="0" ind2="0" tag="785"><subfield code="t">Border slogan</subfield><subfield code="w">(DLC)sn 83040716</subfield></datafield></record>